@inproceedings{dujmovic.joret.ea:planar,
  author    = {Vida Dujmovi\'c and
               Gwena{\"{e}}l Joret and
               Piotr Micek and
               Pat Morin and
               Torsten Ueckerdt and
               David R. Wood},
  title     = {Planar Graphs have Bounded Queue-Number},
  year      = {2019},
  eprint    = {1904.04791},
  booktitle = {Proc. of  60th Annual Symposium on Foundations of Computer Science (FOCS '19)}
}

@article{dujmovic.esperet.ea:planar,
  author    = {Vida Dujmovi\'c and
               Louis Esperet and
               Gwena{\"{e}}l Joret and
               Bartosz Walczak and
               David R. Wood},
  title     = {Planar graphs have bounded nonrepetitive chromatic number},
  journal   = {Advances in Combinatorics},
  year      = {2020},
  month     = {March},
  doi       = {10.19086/aic.12100},
}

@article{dujmovic.esperet.ea:clustered,
  author    = {Vida Dujmović and Louis Esperet and Pat Morin and Bartosz Walczak and David R. Wood},
  title     = {Clustered 3-Colouring Graphs of Bounded Degree},
  journal   = {CoRR},
  volume    = {abs/2002.11721},
  year      = {2020},
  archivePrefix = {arXiv},
  eprint    = {2002.11721},
}

@article{urschel.wellens:testing,
  author    = {John C. Urschel and Jake Wellens},
  title     = {Testing k-planarity is {NP}-complete},
  journal   = {CoRR},
  volume    = {abs/1907.02104},
  year      = {2020},
  archivePrefix = {arXiv},
  eprint    = {1907.02104},
}

article{grigoriev.bodlaender:algorithms,
  author    = {Alexander Grigoriev and
               Hans L. Bodlaender},
  title     = {Algorithms for Graphs Embeddable with Few Crossings per Edge},
  journal   = {Algorithmica},
  volume    = {49},
  number    = {1},
  pages     = {1--11},
  year      = {2007},
  url       = {https://doi.org/10.1007/s00453-007-0010-x},
  doi       = {10.1007/s00453-007-0010-x},
  timestamp = {Wed, 14 Nov 2018 10:49:05 +0100},
  biburl    = {https://dblp.org/rec/journals/algorithmica/GrigorievB07.bib},
  bibsource = {dblp computer science bibliography, https://dblp.org}
}

@article{korzhik.mohar:minimal,
  author    = {Vladimir P. Korzhik and
               Bojan Mohar},
  title     = {Minimal Obstructions for 1-Immersions and Hardness of 1-Planarity
               Testing},
  journal   = {Journal of Graph Theory},
  volume    = {72},
  number    = {1},
  pages     = {30--71},
  year      = {2013},
  doi       = {10.1002/jgt.21630},
  timestamp = {Thu, 18 May 2017 09:51:18 +0200},
  biburl    = {https://dblp.org/rec/journals/jgt/KorzhikM13.bib},
  bibsource = {dblp computer science bibliography, https://dblp.org}
}

@article{gabow.tarjan:linear,
  author    = {Harold N. Gabow and
               Robert Endre Tarjan},
  title     = {A Linear-Time Algorithm for a Special Case of Disjoint Set Union},
  journal   = {J. Comput. Syst. Sci.},
  volume    = {30},
  number    = {2},
  pages     = {209--221},
  year      = {1985},
  doi       = {10.1016/0022-0000(85)90014-5},
  timestamp = {Sat, 20 May 2017 00:25:57 +0200},
  biburl    = {https://dblp.org/rec/journals/jcss/GabowT85.bib},
  bibsource = {dblp computer science bibliography, https://dblp.org}
}


@article {kobourov.liotta.ea:annotated,
  AUTHOR = {Kobourov, Stephen G. and Liotta, Giuseppe and
                  Montecchiani, Fabrizio},
  TITLE = {An annotated bibliography on 1-planarity},
  JOURNAL = {Comput. Sci. Rev.},
  VOLUME = 25,
  YEAR = 2017,
  PAGES = {49--67},
  MRNUMBER = 3697129,
  DOI = {10.1016/j.cosrev.2017.06.002},
}

@article{dujmovic.eppstein.ea:structure,
  author    = {Vida Dujmovi\'c and
               David Eppstein and
               David R. Wood},
  title     = {Structure of Graphs with Locally Restricted Crossings},
  journal   = {{SIAM} J. Discrete Math.},
  volume    = {31},
  number    = {2},
  pages     = {805--824},
  year      = {2017},
  doi       = {10.1137/16M1062879},
}

@book{mohar.thomassen:graphs,
  author = {Bojan Mohar and Carsten Thomassen},
  title = {Graphs on surfaces},
  publisher = {Johns Hopkins University Press},
  year = {2001}
}

@article{dujmovic.morin.ea:layered,
  author    = {Vida Dujmovi\'c and
               Pat Morin and
               David R. Wood},
  title     = {Layered separators in minor-closed graph classes with applications},
  journal   = {J. Comb. Theory, Ser. {B}},
  volume    = {127},
  pages     = {111--147},
  year      = {2017},
  doi       = {10.1016/j.jctb.2017.05.006},
}

@article{pilipczuk.siebertz:polynomial-arxiv,
  author    = {Michał Pilipczuk and
               Sebastian Siebertz},
  title     = {Polynomial bounds for centered colorings on proper minor-closed graph
               classes},
  journal   = {CoRR},
  volume    = {abs/1807.03683},
  year      = {2018},
  archivePrefix = {arXiv},
  eprint    = {1807.03683v2},
  timestamp = {Mon, 13 Aug 2018 16:47:53 +0200},
}

@inproceedings{pilipczuk.siebertz:polynomial-soda,
  author    = {Micha{\l} Pilipczuk and
               Sebastian Siebertz},
  title     = {Polynomial bounds for centered colorings on proper minor-closed graph
               classes},
  booktitle = {Proceedings of the Thirtieth Annual {ACM-SIAM} Symposium on Discrete
               Algorithms, {SODA} 2019, San Diego, California, USA, January 6-9,
               2019},
  pages     = {1501--1520},
  year      = {2019},
  crossref  = {DBLP:conf/soda/2019},
  doi       = {10.1137/1.9781611975482.91},
  timestamp = {Tue, 12 Mar 2019 15:52:39 +0100},
  eprint    = {1807.03683v2},
}

@proceedings{DBLP:conf/soda/2019,
  editor    = {Timothy M. Chan},
  title     = {Proceedings of the Thirtieth Annual {ACM-SIAM} Symposium on Discrete
               Algorithms, {SODA} 2019, San Diego, California, USA, January 6-9,
               2019},
  publisher = {{SIAM}},
  year      = {2019},
  doi       = {10.1137/1.9781611975482},
  isbn      = {978-1-61197-548-2},
}

misc{debski.felsner.ea:improved-arxiv,
  author = {Michał D{\k e}bski and Stefan Felsner and Piotr Micek and Felix Schr{\" o}der},
  howpublished = {Improved bounds for centered colorings},
  year = {2019},
  arXiv =	 {\arXiv{1907.04586}},
  url = {https://arxiv.org/abs/1907.04586}
}

@inproceedings{debski.felsner.ea:improved,
  author    = {Michał D{\k e}bski and
               Stefan Felsner and
               Piotr Micek and
               Felix Schr{\"{o}}der},
  editor    = {Shuchi Chawla},
  title     = {Improved bounds for centered colorings},
  booktitle = {Proceedings of the 2020 {ACM-SIAM} Symposium on Discrete Algorithms,
               {SODA} 2020, Salt Lake City, UT, USA, January 5-8, 2020},
  pages     = {2212--2226},
  publisher = {{SIAM}},
  year      = {2020},
  url       = {https://doi.org/10.1137/1.9781611975994.136},
  doi       = {10.1137/1.9781611975994.136},
  timestamp = {Fri, 31 Jan 2020 13:53:57 +0100},
  biburl    = {https://dblp.org/rec/conf/soda/DebskiFMS20.bib},
  bibsource = {dblp computer science bibliography, https://dblp.org}
}



@article{bose.morin.ea:routing,
  author    = {Prosenjit Bose and
               Pat Morin and
               Ivan Stojmenović and
               Jorge Urrutia},
  title     = {Routing with Guaranteed Delivery in Ad Hoc Wireless Networks},
  journal   = {Wireless Networks},
  volume    = {7},
  number    = {6},
  pages     = {609--616},
  year      = {2001},
  doi       = {10.1023/A:1012319418150},
  timestamp = {Fri, 02 Nov 2018 09:29:29 +0100},
}

@article{abrego.munroy.ea:on,
  author    = {Bernardo M. {\'{A}}brego and
               Ruy Fabila Monroy and
               Silvia Fern{\'{a}}ndez{-}Merchant and
               David Flores{-}Pe{\~{n}}aloza and
               Ferran Hurtado and
               Vera Sacrist{\'{a}}n and
               Maria Saumell},
  title     = {On crossing numbers of geometric proximity graphs},
  journal   = {Comput. Geom.},
  volume    = {44},
  number    = {4},
  pages     = {216--233},
  year      = {2011},
  doi       = {10.1016/j.comgeo.2010.11.003},
}

@article{ajtai.chvatal.ea:crossing-free,
  author =	 {Ajtai, Mikl{\'o}s and Chv{\'a}tal, Va{\v{s}}ek and
                  Newborn, Monroe M. and Szemer{\'e}di, Endre},
                  title =   "Crossing-free subgraphs"
, journal = "Ann. Discrete Math."
, volume =  12
, year =    1982
, pages =   "9--12"
, doi =     "10.1016/S0304-0208(08)73484-4"
, update =  "98.03 agarwal+bibrelex"
}

@book{leighton:complexity
, author =  "F. Thomson Leighton"
, title =   "Complexity issues in {VLSI}"
, publisher =   "MIT Press"
, address = "Cambridge, MA"
, year =    1983
, update =  "97.11 bibrelex"
}

@Article{ringel:sechsfarbenproblem,
  author="Ringel, Gerhard",
  title="Ein Sechsfarbenproblem auf der Kugel",
  journal="Abhandlungen aus dem Mathematischen Seminar der Universit{\"a}t Hamburg",
  year="1965",
  month="Dec",
  day="01",
  volume="29",
  number="1",
  pages="107--117",
  issn="1865-8784",
  doi="10.1007/BF02996313",
}

@article{pach.toth:graphs,
  author    = {J{\'{a}}nos Pach and
               G{\'{e}}za T{\'{o}}th},
  title     = {Graphs Drawn with Few Crossings per Edge},
  journal   = {Combinatorica},
  volume    = {17},
  number    = {3},
  pages     = {427--439},
  year      = {1997},
  doi       = {10.1007/BF01215922},
  timestamp = {Mon, 20 May 2019 15:43:44 +0200},
}

@article{pach.radoicic.ea:improving,
  author    = {J{\'{a}}nos Pach and
               Rados Radoicic and
               G{\'{a}}bor Tardos and
               G{\'{e}}za T{\'{o}}th},
  title     = {Improving the Crossing Lemma by Finding More Crossings in Sparse Graphs},
  journal   = {Discrete {\&} Computational Geometry},
  volume    = {36},
  number    = {4},
  pages     = {527--552},
  year      = {2006},
  doi       = {10.1007/s00454-006-1264-9},
  timestamp = {Mon, 20 May 2019 15:43:44 +0200},
  biburl    = {https://dblp.org/rec/bib/journals/dcg/PachRTT06},
  bibsource = {dblp computer science bibliography, https://dblp.org}
}

@article{mohar:linear,
  author    = {Bojan Mohar},
  title     = {A Linear Time Algorithm for Embedding Graphs in an Arbitrary Surface},
  journal   = {{SIAM} J. Discrete Math.},
  volume    = {12},
  number    = {1},
  pages     = {6--26},
  year      = {1999},
  url       = {https://doi.org/10.1137/S089548019529248X},
  doi       = {10.1137/S089548019529248X},
  timestamp = {Fri, 26 May 2017 22:54:47 +0200},
  biburl    = {https://dblp.org/rec/journals/siamdm/Mohar99.bib},
  bibsource = {dblp computer science bibliography, https://dblp.org}
}

@article{zhu:colouring,
  author    = {Xuding Zhu},
  title     = {Colouring graphs with bounded generalized colouring number},
  journal   = {Discrete Mathematics},
  volume    = {309},
  number    = {18},
  pages     = {5562--5568},
  year      = {2009},
  doi       = {10.1016/j.disc.2008.03.024},
  timestamp = {Sun, 28 May 2017 13:25:13 +0200},
  biburl    = {https://dblp.org/rec/bib/journals/dm/Zhu09},
  bibsource = {dblp computer science bibliography, https://dblp.org}
}

@ARTICLE{heath.leighton.ea:comparing,
  author =	 {Heath, Lenwood S. and Leighton, F. Thomson and
                  Rosenberg, Arnold L.},
  title =	 {Comparing queues and stacks as mechanisms for laying
                  out graphs},
  journal =	 {SIAM J. Discrete Math.},
  year =	 1992,
  volume =	 5,
  pages =	 {398--412},
  number =	 3,
  DOI =		 {10.1137/0405031},
}

@article {FP08,
  AUTHOR =	 {Fox, Jacob and Pach, J{\'a}nos},
  TITLE =	 {Separator theorems and {T}ur\'an-type results for
                  planar intersection graphs},
  JOURNAL =	 {Adv. Math.},
  VOLUME =	 219,
  YEAR =	 2008,
  NUMBER =	 3,
  PAGES =	 {1070--1080},
  DOI =		 {10.1016/j.aim.2008.06.002},
}

@ARTICLE{alon.grytczuk.ea:nonrepetitive,
  author =	 {Alon, Noga and Grytczuk, {Jaros{\l}aw} and
                  Ha{\l}uszczak, Mariusz and Riordan, Oliver},
  title =	 {Nonrepetitive colorings of graphs},
  journal =	 {Random Structures Algorithms},
  year =	 2002,
  volume =	 21,
  pages =	 {336--346},
  number =	 {3-4},
  doi =		 "10.1002/rsa.10057",
}

@incollection {Reed03,
  AUTHOR =	 {Reed, Bruce A.},
  TITLE =	 {Algorithmic aspects of tree width},
  BOOKTITLE =	 {Recent advances in algorithms and combinatorics},
  VOLUME =	 11,
  PAGES =	 {85--107},
  PUBLISHER =	 {Springer},
  YEAR =	 2003,
  DOI =		 {10.1007/0-387-22444-0_4},
}

@article{HW17,
  author =	 {Daniel J. Harvey and David R. Wood},
  title =	 {Parameters tied to treewidth},
  DOI =		 {10.1002/jgt.22030},
  volume =	 84,
  number =	 4,
  pages =	 {364--385},
  year =	 2017,
  journal =	 {J. Graph Theory},
}

@ARTICLE{Bodlaender-TCS98,
  author =	 {Bodlaender, Hans L.},
  title =	 {A partial $k$-arboretum of graphs with bounded
                  treewidth},
  journal =	 {Theoret. Comput. Sci.},
  year =	 1998,
  volume =	 209,
  pages =	 {1--45},
  number =	 {1-2},
  DOI =		 {10.1016/S0304-3975(97)00228-4},
}

@article{dujmovic.morin.ea:structure,
  author    = {Vida Dujmović and
               Pat Morin and
               David R. Wood},
  title     = {The structure of k-planar graphs},
  journal   = {CoRR},
  volume    = {abs/1907.05168},
  year      = {2019},
  url       = {http://arxiv.org/abs/1907.05168},
  archivePrefix = {arXiv},
  eprint    = {1907.05168},
  timestamp = {Wed, 17 Jul 2019 10:27:36 +0200},
  biburl    = {https://dblp.org/rec/journals/corr/abs-1907-05168.bib},
  bibsource = {dblp computer science bibliography, https://dblp.org}
}

@book {Sparsity,
  AUTHOR =	 {Ne{\v{s}}et{\v{r}}il, Jaroslav and Ossona de Mendez,
                  Patrice},
  TITLE =	 {Sparsity},
  SERIES =	 {Algorithms and Combinatorics},
  VOLUME =	 28,
  PUBLISHER =	 {Springer},
  YEAR =	 2012,
  DOI =		 {10.1007/978-3-642-27875-4},
}

@article{nesetril.ossona:tree,
  author    = {Jaroslav Nešetřil and
               Patrice Ossona de Mendez},
  title     = {Tree-depth, subgraph coloring and homomorphism bounds},
  journal   = {Eur. J. Comb.},
  volume    = {27},
  number    = {6},
  pages     = {1022--1041},
  year      = {2006},
  url       = {https://doi.org/10.1016/j.ejc.2005.01.010},
  doi       = {10.1016/j.ejc.2005.01.010},
  timestamp = {Sat, 16 Sep 2017 12:02:58 +0200},
  biburl    = {https://dblp.org/rec/journals/ejc/NesetrilM06.bib},
  bibsource = {dblp computer science bibliography, https://dblp.org}
}

@article{nesetril.ossona:grad,
  author    = {Jaroslav Nešetřil and
               Patrice Ossona de Mendez},
  title     = {Grad and classes with bounded expansion I. Decompositions},
  journal   = {Eur. J. Comb.},
  volume    = {29},
  number    = {3},
  pages     = {760--776},
  year      = {2008},
  url       = {https://doi.org/10.1016/j.ejc.2006.07.013},
  doi       = {10.1016/j.ejc.2006.07.013},
  timestamp = {Sat, 16 Sep 2017 12:02:58 +0200},
  biburl    = {https://dblp.org/rec/journals/ejc/NesetrilM08.bib},
  bibsource = {dblp computer science bibliography, https://dblp.org}
}

@misc{dvorak:question,
  author = {Dan Kráľ and Ranko Lazic},
  title = {Open Problems from the Workshop on Algorithms, Logic and Structure},
  address = {University of Warwick},
  month = {December},
  year = {2016},
  url = {https://warwick.ac.uk/fac/sci/maths/people/staff/daniel_kral/alglogstr/openproblems.pdf}
}


@inproceedings {FLS-SODA12,
  AUTHOR =	 {Fomin, Fedor V. and Lokshtanov, Daniel and Saurabh,
                  Saket},
  TITLE =	 {Bidimensionality and geometric graphs},
  BOOKTITLE =	 {Proc. 23rd {A}nnual {ACM}-{SIAM} {S}ymposium on
                  {D}iscrete {A}lgorithms},
  PAGES =	 {1563--1575},
  YEAR =	 2012,
  MRNUMBER =	 3205314,
  DOI =		 {10.1137/1.9781611973099.124},
}

@article {Chen07,
  AUTHOR =	 {Chen, Zhi-Zhong},
  TITLE =	 {New bounds on the edge number of a {$k$}-map graph},
  JOURNAL =	 {J. Graph Theory},
  VOLUME =	 55,
  YEAR =	 2007,
  NUMBER =	 4,
  PAGES =	 {267--290},
  MRNUMBER =	 {2336801 (2008h:05035)},
  DOI =		 {10.1002/jgt.20237},
}

@article {DFHT05,
  AUTHOR =	 {Demaine, Erik D. and Fomin, Fedor V. and Hajiaghayi,
                  Mohammadtaghi and Thilikos, Dimitrios M.},
  TITLE =	 {Fixed-parameter algorithms for {$(k,r)$}-center in
                  planar graphs and map graphs},
  JOURNAL =	 {ACM Trans. Algorithms},
  VOLUME =	 1,
  YEAR =	 2005,
  NUMBER =	 1,
  PAGES =	 {33--47},
  MRNUMBER =	 {2163129 (2006f:68038)},
  DOI =		 {10.1145/1077464.1077468},
}

@article {CGP02,
  AUTHOR =	 {Chen, Zhi-Zhong and Grigni, Michelangelo and
                  Papadimitriou, Christos H.},
  TITLE =	 {Map graphs},
  JOURNAL =	 {J. ACM},
  VOLUME =	 49,
  YEAR =	 2002,
  NUMBER =	 2,
  PAGES =	 {127--138},
  MRNUMBER =	 {2147819 (2005m:05067)},
  DOI =		 {10.1145/506147.506148},
}

@article {Chen01,
  AUTHOR =	 {Chen, Zhi-Zhong},
  TITLE =	 {Approximation algorithms for independent sets in map
                  graphs},
  JOURNAL =	 {J. Algorithms},
  VOLUME =	 41,
  YEAR =	 2001,
  NUMBER =	 1,
  PAGES =	 {20--40},
  MRNUMBER =	 {1855346 (2002j:05140)},
  DOI =		 {10.1006/jagm.2001.1178},
}

@article {SZ01,
  AUTHOR =	 {Sanders, Daniel P. and Zhao, Yue},
  TITLE =	 {A new bound on the cyclic chromatic number},
  JOURNAL =	 {J. Combin. Theory Ser. B},
  VOLUME =	 83,
  YEAR =	 2001,
  NUMBER =	 1,
  PAGES =	 {102--111},
  MRNUMBER =	 {1855798 (2002g:05087)},
  DOI =		 {10.1006/jctb.2001.2046},
}

@article {BBGH07,
  AUTHOR =	 {Borodin, Oleg V. and Broersma, H. J. and Glebov,
                  A. and Heuvel, Jan van den},
  TITLE =	 {A new upper bound on the cyclic chromatic number},
  JOURNAL =	 {J. Graph Theory},
  VOLUME =	 54,
  YEAR =	 2007,
  NUMBER =	 1,
  PAGES =	 {58--72},
  MRNUMBER =	 {2279812 (2007j:05061)},
  DOI =		 {10.1002/jgt.20193},
}

@article{DJKW16,
  title =	 "Nonrepetitive Colouring via Entropy Compression",
  author =	 {Vida Dujmovi\'{c} and Gwena\"{e}l Joret and Jakub
                  Kozik and David R. Wood},
  year =	 2016,
  Volume =	 36,
  number =	 6,
  pages =	 "661--686",
  journal =	 {Combinatorica},
  DOI =		 {10.1007/s00493-015-3070-6},
}

@article {MTTV97,
    AUTHOR = {Miller, Gary L. and Teng, Shang-Hua and Thurston, William and Vavasis, Stephen A.},
     TITLE = {Separators for sphere-packings and nearest neighbor graphs},
   JOURNAL = {J. ACM},
    VOLUME = {44},
      YEAR = {1997},
    NUMBER = {1},
     PAGES = {1--29},
  MRNUMBER = {1438463},
      DOI = {10.1145/256292.256294},
}

@ARTICLE{Wood-Queue-DMTCS05,
  author =	 {David R. Wood},
  title =	 {Queue Layouts of Graph Products and Powers},
  journal =	 {Discrete Math. Theor. Comput. Sci.},
  year =	 2005,
  volume =	 7,
  pages =	 {255-268},
  number =	 1,
  url =		 {http://dmtcs.episciences.org/352},
}


@inproceedings{ABGKP18,
  author =	 {Jawaherul Md. Alam and Michael A. Bekos and Martin
                  Gronemann and Michael Kaufmann and Sergey Pupyrev},
  title =	 {Queue Layouts of Planar 3-Trees},
  booktitle =	 {Proc. 26th International Symposium on Graph Drawing
                  and Network Visualization ({GD} 2018)},
  pages =	 {213--226},
  year =	 2018,
  doi =		 {10.1007/978-3-030-04414-5\_15},
  editor =	 {Therese C. Biedl and Andreas Kerren},
  series =	 {Lecture Notes in Computer Science},
  volume =	 11282,
  publisher =	 {Springer},
}


@article{vdHW18,
  Author =	 {van den Heuvel, Jan and Wood, David R.},
  Title =	 {Improper Colourings inspired by {H}adwiger's
                  Conjecture},
  Year =	 2018,
  journal =	 {J. London Math. Soc.},
  doi =		 {10.1112/jlms.12127},
  volume =	 98,
  issue =	 1,
  pages =	 {129--148},
  arXiv =	 {\arXiv{1704.06536}},
}

@unpublished{vdHW17,
  Author =	 {van den Heuvel, Jan and Wood, David R.},
  Title =	 {Improper Colourings inspired by {H}adwiger's Conjecture},
  Year =	 2017,
url= {https://arxiv.org/abs/1704.06536},
}

@ARTICLE{PachToth-DCG02,
  author =	 {Pach, J{\'a}nos and T{\'o}th, G{\'e}za},
  title =	 {Recognizing string graphs is decidable},
  journal =	 {Discrete Comput. Geom.},
  year =	 2002,
  volume =	 28,
  pages =	 {593--606},
  number =	 4,
  DOI =		 {10.1007/s00454-002-2891-4},
}

@ARTICLE{SS-JCSS04,
  author =	 {Schaefer, Marcus and {\v{S}}tefankovi{\v{c}},
                  Daniel},
  title =	 {Decidability of string graphs},
  journal =	 {J. Comput. System Sci.},
  year =	 2004,
  volume =	 68,
  pages =	 {319--334},
  number =	 2,
  DOI =		 {10.1016/j.jcss.2003.07.002},
}

@ARTICLE{SSS-JCSS03,
  author =	 {Schaefer, Marcus and Sedgwick, Eric and
                  {\v{S}}tefankovi{\v{c}}, Daniel},
  title =	 {Recognizing string graphs in {NP}},
  journal =	 {J. Comput. System Sci.},
  year =	 2003,
  volume =	 67,
  pages =	 {365--380},
  number =	 2,
  DOI =		 {10.1016/S0022-0000(03)00045-X},
}

@article {Krat-JCTB91,
  AUTHOR =	 {Kratochv{\'{\i}}l, Jan},
  TITLE =	 {String graphs. {II}. {R}ecognizing string graphs is
                  {NP}-hard},
  JOURNAL =	 {J. Combin. Theory Ser. B},
  VOLUME =	 52,
  YEAR =	 1991,
  NUMBER =	 1,
  PAGES =	 {67--78},
  MRCLASS =	 {05C75},
  MRNUMBER =	 {1109420 (92g:05157)},
  DOI =		 {10.1016/0095-8956(91)90091-W},
}


@article {FP12,
  AUTHOR =	 {Fox, Jacob and Pach, J{\'a}nos},
  TITLE =	 {String graphs and incomparability graphs},
  JOURNAL =	 {Adv. Math.},
  VOLUME =	 230,
  YEAR =	 2012,
  NUMBER =	 3,
  PAGES =	 {1381--1401},
  MRNUMBER =	 2921183,
  DOI =		 {10.1016/j.aim.2012.03.011},
}

@article {FP10,
  AUTHOR =	 {Fox, Jacob and Pach, J{\'a}nos},
  TITLE =	 {A separator theorem for string graphs and its
                  applications},
  JOURNAL =	 {Combin. Probab. Comput.},
  VOLUME =	 19,
  YEAR =	 2010,
  NUMBER =	 3,
  PAGES =	 {371--390},
  MRNUMBER =	 {2607373 (2011i:05158)},
  DOI =		 {10.1017/S0963548309990459},
}

@incollection {Mat15,
  AUTHOR =	 {Matou{\v{s}}ek, Ji{\v{r}}{\'{\i}}},
  TITLE =	 {String graphs and separators},
  BOOKTITLE =	 {Geometry, structure and randomness in combinatorics},
  SERIES =	 {CRM Series},
  VOLUME =	 18,
  PAGES =	 {61--97},
  PUBLISHER =	 {Ed. Norm., Pisa},
  YEAR =	 2015,
  MRCLASS =	 {05-02 (05C62)},
  MRNUMBER =	 3362300,
}

@article {Mat14,
  AUTHOR =	 {Matou{\v{s}}ek, Ji{\v{r}}{\'{\i}}},
  TITLE =	 {Near-optimal separators in string graphs},
  JOURNAL =	 {Combin. Probab. Comput.},
  VOLUME =	 23,
  YEAR =	 2014,
  NUMBER =	 1,
  PAGES =	 {135--139},
  MRNUMBER =	 3197972,
  DOI =		 {10.1017/S0963548313000400},
}

@misc{Lee16,
  title =	 {Separators in region intersection graphs},
  author =	 {James R. Lee},
  year =	 2016,
  note =	 {\arXiv{1608.01612}}
}

@article {FP14,
  AUTHOR =	 {Fox, Jacob and Pach, J{\'a}nos},
  TITLE =	 {Applications of a new separator theorem for string
                  graphs},
  JOURNAL =	 {Combin. Probab. Comput.},
  VOLUME =	 23,
  YEAR =	 2014,
  NUMBER =	 1,
  PAGES =	 {66--74},
  MRNUMBER =	 3197967,
  DOI =		 {10.1017/S0963548313000412},
}

@ARTICLE{DDOSRSV04,
  author =	 {DeVos, Matt and Ding, Guoli and Oporowski, Bogdan
                  and Sanders, Daniel P. and Reed, Bruce and Seymour,
                  Paul and Vertigan, Dirk},
  title =	 {Excluding any graph as a minor allows a low
                  tree-width 2-coloring},
  journal =	 {J. Combin. Theory Ser. B},
  year =	 2004,
  volume =	 91,
  pages =	 {25--41},
  number =	 1,
  doi =		 {10.1016/j.jctb.2003.09.001},
}


@ARTICLE{RS-II,
  doi =		 {10.1016/0196-6774(86)90023-4},
  author =	 {Robertson, Neil and Seymour, Paul},
  title =	 {Graph minors. {II}. {A}lgorithmic aspects of
                  tree-width},
  journal =	 {J. Algorithms},
  year =	 1986,
  volume =	 7,
  pages =	 {309--322},
  number =	 3,
}

@article{wiechert:on,
  author    = {Veit Wiechert},
  title     = {On the Queue-Number of Graphs with Bounded Tree-Width},
  journal   = {Electr. J. Comb.},
  volume    = {24},
  number    = {1},
  pages     = {P1.65},
  year      = {2017},
  url       = {http://www.combinatorics.org/ojs/index.php/eljc/article/view/v24i1p65},
  timestamp = {Tue, 21 May 2019 18:03:34 +0200},
  biburl    = {https://dblp.org/rec/bib/journals/combinatorics/Wiechert17},
  bibsource = {dblp computer science bibliography, https://dblp.org}
}

@misc{bonamy.gavoille.ea:shorter,
  author    = {Marthe Bonamy and Cyril Gavoille and Michał Pilipczuk},
  title     = {Shorter Labeling Schemes for Planar Graphs},
  year = {2019},
  arXiv =	 {\arXiv{arXiv:1908.03341}},
  note = {To appear at \emph{SODA 2020}},
  url = {https://arxiv.org/abs/1908.03341}
}


@article{dujmovic.esperet.ea:adjacency,
  author    = {Vida Dujmović and
               Louis Esperet and
               Cyril Gavoille and
               Gwena{\"{e}}l Joret and
               Piotr Micek and
               Pat Morin},
  title     = {Adjacency Labelling for Planar Graphs (and Beyond)},
  journal   = {CoRR},
  volume    = {abs/2003.04280},
  year      = {2020},
  url       = {https://arxiv.org/abs/2003.04280},
  archivePrefix = {arXiv},
  eprint    = {2003.04280},
  timestamp = {Tue, 10 Mar 2020 13:33:48 +0100},
  biburl    = {https://dblp.org/rec/journals/corr/abs-2003-04280.bib},
  bibsource = {dblp computer science bibliography, https://dblp.org}
}

@article{grigoriev.bodlaender:algorithms,
  author    = {Alexander Grigoriev and
               Hans L. Bodlaender},
  title     = {Algorithms for Graphs Embeddable with Few Crossings per Edge},
  journal   = {Algorithmica},
  volume    = {49},
  number    = {1},
  pages     = {1--11},
  year      = {2007},
  doi       = {10.1007/s00453-007-0010-x},
  timestamp = {Wed, 14 Nov 2018 10:49:05 +0100},
  biburl    = {https://dblp.org/rec/bib/journals/algorithmica/GrigorievB07},
  bibsource = {dblp computer science bibliography, https://dblp.org}
}

@article{kannan.naor.ea:implicit,
  author    = {Sampath Kannan and
               Moni Naor and
               Steven Rudich},
  title     = {Implicit Representation of Graphs},
  journal   = {{SIAM} J. Discrete Math.},
  volume    = {5},
  number    = {4},
  pages     = {596--603},
  year      = {1992},
  url       = {https://doi.org/10.1137/0405049},
  doi       = {10.1137/0405049},
  timestamp = {Wed, 14 Nov 2018 10:35:09 +0100},
  biburl    = {https://dblp.org/rec/bib/journals/siamdm/KannanNR92},
  bibsource = {dblp computer science bibliography, https://dblp.org}
}

@book{diestel:graph,
  author    = {Reinhard Diestel},
  title     = {Graph Theory, Fifth Edition},
  series    = {Graduate texts in mathematics},
  volume    = {173},
  publisher = {Springer},
  year      = {2017},
  isbn      = {978-3-642-14278-9},
  doi       = {10.1007/978-3-662-53622-3 },
}

@inproceedings{kannan.naor.ea:implicit-stoc,
  author    = {Sampath Kannan and
               Moni Naor and
               Steven Rudich},
  title     = {Implicit Representation of Graphs},
  booktitle = {Proceedings of the 20th Annual {ACM} Symposium on Theory of Computing,
               May 2-4, 1988, Chicago, Illinois, {USA}},
  pages     = {334--343},
  year      = {1988},
  crossref  = {DBLP:conf/stoc/STOC20},
  url       = {https://doi.org/10.1145/62212.62244},
  doi       = {10.1145/62212.62244},
  timestamp = {Tue, 06 Nov 2018 11:07:05 +0100},
  biburl    = {https://dblp.org/rec/bib/conf/stoc/KannanNR88},
  bibsource = {dblp computer science bibliography, https://dblp.org}
}
@proceedings{DBLP:conf/stoc/STOC20,
  editor    = {Janos Simon},
  title     = {Proceedings of the 20th Annual {ACM} Symposium on Theory of Computing,
               May 2-4, 1988, Chicago, Illinois, {USA}},
  publisher = {{ACM}},
  year      = {1988},
  isbn      = {0-89791-264-0},
  timestamp = {Mon, 17 Oct 2011 15:55:10 +0200},
  biburl    = {https://dblp.org/rec/bib/conf/stoc/STOC20},
  bibsource = {dblp computer science bibliography, https://dblp.org}
}

@article{PachToth97,
  author    = {J{\'{a}}nos Pach and
               G{\'{e}}za T{\'{o}}th},
  title     = {Graphs Drawn with Few Crossings per Edge},
  journal   = {Combinatorica},
  volume    = {17},
  number    = {3},
  pages     = {427--439},
  year      = {1997},
  url       = {https://doi.org/10.1007/BF01215922},
  doi       = {10.1007/BF01215922},
  timestamp = {Mon, 20 May 2019 15:43:44 +0200},
  biburl    = {https://dblp.org/rec/bib/journals/combinatorica/PachT97},
  bibsource = {dblp computer science bibliography, https://dblp.org}
}

@article{ProximityGraphs,
  author    = {Prosenjit Bose and
               Vida Dujmović and
               Ferran Hurtado and
               John Iacono and
               Stefan Langerman and
               Henk Meijer and
               Vera Sacrist{\'{a}}n Adinolfi and
               Maria Saumell and
               David R. Wood},
  title     = {Proximity Graphs: E, {\(\delta\)}, {\(\Delta\)}, {\(\chi\)} {AND}
               {\(\omega\)}},
  journal   = {Int. J. Comput. Geometry Appl.},
  volume    = {22},
  number    = {5},
  pages     = {439--470},
  year      = {2012},
  url       = {https://doi.org/10.1142/S0218195912500112},
  doi       = {10.1142/S0218195912500112},
  timestamp = {Fri, 02 Nov 2018 09:32:45 +0100},
  biburl    = {https://dblp.org/rec/bib/journals/ijcga/BoseDHILMASW12},
  bibsource = {dblp computer science bibliography, https://dblp.org}
}
